
@techreport{jensen_cdio_2020,
	title = {{CDIO} 2},
	url = {https://docs.google.com/document/d/1i08BFkeo4DahGmFsPVryhU3RFDFA52IGc3xzev0MDus/edit?usp=drive_web&ouid=103802656152942647689&usp=embed_facebook},
	abstract = {02312, 62531, 62532  INDLEDENDE PROGRAMMERING, UDVIKLINGSMETODER TIL IT-SYSTEMER OG VERSIONSSTYRING OG TESTMETODER   CDIO 2    Krzysztof Kisiel 			Oliver Olsen	 s192884				s205443			      Johannes Jensen			Gustav Fauser s205413			           s205446       				 Jonathan Hansen			Alaa Hadood	  ...},
	language = {dansk},
	urldate = {2020-11-26},
	author = {Jensen, Johannes and Olsen, Oliver and Kisiel, Krzysztof and Fauser, Gustav and Hansen, Jonathan and Hadood, Alaa},
	year = {2020},
}

@misc{noauthor_severin-miniovn-20l-sortjpg_nodate,
	title = {severin-miniovn-20l-sort.jpg (800×800)},
	url = {https://www.rigtigkaffe.dk/19431-thickbox_default/severin-miniovn-20l-sort.jpg},
	urldate = {2020-11-19},
}

@misc{beelen_01901_2019,
	title = {01901 {BasisMat} 1 kursusnoter.pdf},
	language = {dansk},
	publisher = {INSTITUT FOR MATEMATIK OG COMPUTER SCIENCE DANMARKS TEKNISKE UNIVERSITET},
	author = {Beelen, Peter and Thomsen, Søren and Nørtoft, Peter and Brøns, Morten and Hoffman, Peter},
	year = {2019},
}

@misc{noauthor_notitle_nodate,
}

@misc{noauthor_intellij_nodate,
	title = {{IntelliJ} {IDEA}: {The} {Java} {IDE} for {Professional} {Developers} by {JetBrains}},
	shorttitle = {{IntelliJ} {IDEA}},
	url = {https://www.jetbrains.com/idea/},
	abstract = {A Capable and Ergonomic Java IDE for Enterprise Java, Scala, Kotlin and much more...},
	language = {en},
	urldate = {2020-11-17},
	journal = {JetBrains},
}

@misc{budtz_diplomit-dtumatador_gui_2020,
	title = {diplomit-dtu/{Matador}\_GUI},
	url = {https://github.com/diplomit-dtu/Matador_GUI},
	abstract = {Contribute to diplomit-dtu/Matador\_GUI development by creating an account on GitHub.},
	urldate = {2020-11-16},
	publisher = {diplomit-dtu},
	author = {Budtz, Christian and Pedersen, Malte and Dalsgaard, Ronnie and Nyborg, Mads},
	month = nov,
	year = {2020},
	note = {original-date: 2015-02-17T09:51:38Z},
}

@misc{nyborg_cdio_2018,
	title = {{CDIO} del 3},
	url = {https://docs.google.com/document/d/1UsCw9jeOvZlthzUrxIg0sF8ez1xwk-64oh6KivQvzHI/edit?usp=embed_facebook},
	abstract = {CDIO del opgave 3 Indledning IOOuterActive har fået endnu en opgave. Kundens vision: I skal udvikle et Monopoly Junior spil. Vurder hvad der er det vigtigste for at spillet kan spilles! Implementer de væsentligste elementer for at spillet kan spilles. I må gerne udelade regler - prioritér!   Spil...},
	language = {en},
	urldate = {2020-11-09},
	journal = {Google Docs},
	author = {Nyborg, Mads and m.fl},
	year = {2018},
}
